This file was created with JabRef 1.8.1.
Encoding: UTF8

